<?xml version="1.0" encoding="UTF-8"?>
  <record xmlns="http://www.loc.gov/MARC21/slim" type="Authority">
    <leader>00000nz  a2200000nc 4500</leader>
    <controlfield tag="001">104076666</controlfield>
    <controlfield tag="003">DE-101</controlfield>
    <controlfield tag="005">20211212053729.0</controlfield>
    <controlfield tag="008">960110n||azznnaabn           | aaa    |c</controlfield>
    <datafield tag="024" ind1="7" ind2=" ">
      <subfield code="a">104076666</subfield>
      <subfield code="0">http://d-nb.info/gnd/104076666</subfield>
      <subfield code="2">gnd</subfield>
    </datafield>
    <datafield tag="035" ind1=" " ind2=" ">
      <subfield code="a">(DE-101)104076666</subfield>
    </datafield>
    <datafield tag="035" ind1=" " ind2=" ">
      <subfield code="a">(DE-588)104076666</subfield>
    </datafield>
    <datafield tag="035" ind1=" " ind2=" ">
      <subfield code="z">(DE-588a)104076666</subfield>
      <subfield code="9">v:zg</subfield>
    </datafield>
    <datafield tag="035" ind1=" " ind2=" ">
      <subfield code="z">(DE-588c)4725438-5</subfield>
      <subfield code="9">v:zg</subfield>
    </datafield>
    <datafield tag="040" ind1=" " ind2=" ">
      <subfield code="a">DE-12</subfield>
      <subfield code="c">DE-12</subfield>
      <subfield code="9">r:DE-12</subfield>
      <subfield code="b">ger</subfield>
      <subfield code="d">9999</subfield>
    </datafield>
    <datafield tag="042" ind1=" " ind2=" ">
      <subfield code="a">gnd1</subfield>
    </datafield>
    <datafield tag="043" ind1=" " ind2=" ">
      <subfield code="c">XA-ES</subfield>
    </datafield>
    <datafield tag="065" ind1=" " ind2=" ">
      <subfield code="a">3.1p</subfield>
      <subfield code="2">sswd</subfield>
    </datafield>
    <datafield tag="065" ind1=" " ind2=" ">
      <subfield code="a">7.14p</subfield>
      <subfield code="2">sswd</subfield>
    </datafield>
    <datafield tag="075" ind1=" " ind2=" ">
      <subfield code="b">p</subfield>
      <subfield code="2">gndgen</subfield>
    </datafield>
    <datafield tag="075" ind1=" " ind2=" ">
      <subfield code="b">piz</subfield>
      <subfield code="2">gndspec</subfield>
    </datafield>
    <datafield tag="079" ind1=" " ind2=" ">
      <subfield code="a">g</subfield>
      <subfield code="q">f</subfield>
      <subfield code="q">n</subfield>
      <subfield code="q">e</subfield>
      <subfield code="q">s</subfield>
      <subfield code="u">w</subfield>
    </datafield>
    <datafield tag="100" ind1="1" ind2=" ">
      <subfield code="a">Adret, Shelomoh ben Avraham</subfield>
      <subfield code="d">ca. ca. 1235-1310</subfield>
    </datafield>
    <datafield tag="375" ind1=" " ind2=" ">
      <subfield code="a">1</subfield>
      <subfield code="2">iso5218</subfield>
    </datafield>
    <datafield tag="400" ind1="1" ind2=" ">
      <subfield code="a">Adret, Šelomō Ben-Avrāhām</subfield>
      <subfield code="d">ca. ca. 1235-1310</subfield>
    </datafield>
    <datafield tag="400" ind1="1" ind2=" ">
      <subfield code="a">Adret, Shelomoh Ben-Avraham</subfield>
      <subfield code="d">ca. ca. 1235-1310</subfield>
    </datafield>
    <datafield tag="400" ind1="1" ind2=" ">
      <subfield code="a">Adret, Shelomoh</subfield>
      <subfield code="d">ca. ca. 1235-1310</subfield>
    </datafield>
    <datafield tag="400" ind1="0" ind2=" ">
      <subfield code="a">Shelomoh</subfield>
      <subfield code="c">Ben-Adret</subfield>
      <subfield code="d">ca. ca. 1235-1310</subfield>
    </datafield>
    <datafield tag="400" ind1="1" ind2=" ">
      <subfield code="a">Ben-Adret, Shelomoh</subfield>
      <subfield code="d">ca. ca. 1235-1310</subfield>
    </datafield>
    <datafield tag="400" ind1="1" ind2=" ">
      <subfield code="a">Ben-Adret, Shelomoh ben Avraham</subfield>
      <subfield code="d">ca. ca. 1235-1310</subfield>
    </datafield>
    <datafield tag="400" ind1="1" ind2=" ">
      <subfield code="a">Adrēt, Šelomo Ben-Avrāhām</subfield>
      <subfield code="d">ca. ca. 1235-1310</subfield>
      <subfield code="9">v:DIN Stand 1982</subfield>
    </datafield>
    <datafield tag="400" ind1="1" ind2=" ">
      <subfield code="a">Adreth, Solomon ben Abraham</subfield>
      <subfield code="d">ca. ca. 1235-1310</subfield>
    </datafield>
    <datafield tag="400" ind1="1" ind2=" ">
      <subfield code="a">Adret, Salomo Ben-Abraham</subfield>
      <subfield code="d">ca. ca. 1235-1310</subfield>
    </datafield>
    <datafield tag="400" ind1="1" ind2=" ">
      <subfield code="a">Adret, Solomon Ben-Abraham</subfield>
      <subfield code="d">ca. ca. 1235-1310</subfield>
    </datafield>
    <datafield tag="400" ind1="0" ind2=" ">
      <subfield code="a">RAŠBa"ʾ</subfield>
      <subfield code="d">ca. ca. 1235-1310</subfield>
    </datafield>
    <datafield tag="400" ind1="1" ind2=" ">
      <subfield code="a">Ben Aderet, Solomon ben Abraham</subfield>
      <subfield code="d">ca. ca. 1235-1310</subfield>
    </datafield>
    <datafield tag="400" ind1="1" ind2=" ">
      <subfield code="a">Ben Adret, Shelomoh ben Avraham</subfield>
      <subfield code="d">ca. ca. 1235-1310</subfield>
    </datafield>
    <datafield tag="400" ind1="1" ind2=" ">
      <subfield code="a">Ben-Adret, Šelomō</subfield>
      <subfield code="d">ca. ca. 1235-1310</subfield>
    </datafield>
    <datafield tag="400" ind1="1" ind2=" ">
      <subfield code="a">Ibn Adret, Solomon ben Abraham</subfield>
      <subfield code="d">ca. ca. 1235-1310</subfield>
    </datafield>
    <datafield tag="400" ind1="0" ind2=" ">
      <subfield code="a">Salomon Ben Adret</subfield>
      <subfield code="c">von Barcelona</subfield>
      <subfield code="d">ca. ca. 1235-1310</subfield>
    </datafield>
    <datafield tag="400" ind1="0" ind2=" ">
      <subfield code="a">Šelomo Ben-Avrāhām</subfield>
      <subfield code="c">Adrēt</subfield>
      <subfield code="d">ca. ca. 1235-1310</subfield>
    </datafield>
    <datafield tag="400" ind1="0" ind2=" ">
      <subfield code="a">Shelomoh ben Avraham ben Adret</subfield>
      <subfield code="d">ca. ca. 1235-1310</subfield>
    </datafield>
    <datafield tag="400" ind1="0" ind2=" ">
      <subfield code="a">Šelomō Ben-Adret</subfield>
      <subfield code="d">ca. ca. 1235-1310</subfield>
    </datafield>
    <datafield tag="400" ind1="0" ind2=" ">
      <subfield code="a">Shelomoh ben Adret</subfield>
      <subfield code="d">ca. ca. 1235-1310</subfield>
    </datafield>
    <datafield tag="400" ind1="0" ind2=" ">
      <subfield code="a">Solomon ben Abraham Adret</subfield>
      <subfield code="d">ca. ca. 1235-1310</subfield>
    </datafield>
    <datafield tag="400" ind1="0" ind2=" ">
      <subfield code="a">Salomon</subfield>
      <subfield code="c">Ben Adret</subfield>
      <subfield code="d">ca. ca. 1235-1310</subfield>
    </datafield>
    <datafield tag="400" ind1="0" ind2=" ">
      <subfield code="a">Solomon ben Adret</subfield>
      <subfield code="d">ca. ca. 1235-1310</subfield>
    </datafield>
    <datafield tag="400" ind1="0" ind2=" ">
      <subfield code="a">Solomon ibn Adret</subfield>
      <subfield code="d">ca. ca. 1235-1310</subfield>
    </datafield>
    <datafield tag="400" ind1="1" ind2=" ">
      <subfield code="a">ʾDRT, Šelomō Ben-Avrāhām</subfield>
      <subfield code="d">ca. ca. 1235-1310</subfield>
    </datafield>
    <datafield tag="400" ind1="1" ind2=" ">
      <subfield code="a">Aderet, Shelomoh ben Avraham</subfield>
      <subfield code="d">ca. ca. 1235-1310</subfield>
    </datafield>
    <datafield tag="400" ind1="1" ind2=" ">
      <subfield code="a">Aderet, Solomon ben Abraham ben</subfield>
      <subfield code="d">ca. ca. 1235-1310</subfield>
    </datafield>
    <datafield tag="400" ind1="1" ind2=" ">
      <subfield code="a">Adret, Solomon ben Abraham</subfield>
      <subfield code="d">ca. ca. 1235-1310</subfield>
    </datafield>
    <datafield tag="400" ind1="0" ind2=" ">
      <subfield code="a">Shelomoh ben Avraham Aderet</subfield>
      <subfield code="d">ca. ca. 1235-1310</subfield>
    </datafield>
    <datafield tag="400" ind1="1" ind2=" ">
      <subfield code="a">Adret, Šelomo ben Avraham</subfield>
      <subfield code="d">ca. ca. 1235-1310</subfield>
    </datafield>
    <datafield tag="400" ind1="0" ind2=" ">
      <subfield code="a">Šelomo ben Avraham ibn Adret</subfield>
      <subfield code="d">ca. ca. 1235-1310</subfield>
    </datafield>
    <datafield tag="400" ind1="0" ind2=" ">
      <subfield code="a">Salomo ben Aderet</subfield>
      <subfield code="d">ca. ca. 1235-1310</subfield>
    </datafield>
    <datafield tag="400" ind1="0" ind2=" ">
      <subfield code="a">Salomo ibn Adret</subfield>
      <subfield code="d">ca. ca. 1235-1310</subfield>
    </datafield>
    <datafield tag="400" ind1="1" ind2=" ">
      <subfield code="a">Ibn Adret, Šelomo</subfield>
      <subfield code="d">ca. ca. 1235-1310</subfield>
    </datafield>
    <datafield tag="400" ind1="0" ind2=" ">
      <subfield code="a">Rašba</subfield>
      <subfield code="d">ca. ca. 1235-1310</subfield>
    </datafield>
    <datafield tag="400" ind1="0" ind2=" ">
      <subfield code="a">Salomon ben Adret von Barcelona</subfield>
      <subfield code="d">ca. ca. 1235-1310</subfield>
    </datafield>
    <datafield tag="400" ind1="0" ind2=" ">
      <subfield code="a">Šelomoh ibn Aderet ben Abraham</subfield>
      <subfield code="d">ca. ca. 1235-1310</subfield>
    </datafield>
    <datafield tag="400" ind1="0" ind2=" ">
      <subfield code="a">Rabenu Shelomoh ben Rabi Avraham ben Adret</subfield>
      <subfield code="d">ca. ca. 1235-1310</subfield>
    </datafield>
    <datafield tag="400" ind1="0" ind2=" ">
      <subfield code="a">RaŠbʺA</subfield>
      <subfield code="d">ca. ca. 1235-1310</subfield>
    </datafield>
    <datafield tag="400" ind1="0" ind2=" ">
      <subfield code="a">Rashba</subfield>
      <subfield code="d">ca. ca. 1235-1310</subfield>
    </datafield>
    <datafield tag="400" ind1="1" ind2=" ">
      <subfield code="a">Ben Adret, Schlomo</subfield>
      <subfield code="d">ca. ca. 1235-1310</subfield>
    </datafield>
    <datafield tag="400" ind1="1" ind2=" ">
      <subfield code="a">Ben Adret, Shelomo</subfield>
      <subfield code="d">ca. ca. 1235-1310</subfield>
    </datafield>
    <datafield tag="400" ind1="1" ind2=" ">
      <subfield code="a">Ben Adret, Schelomo</subfield>
      <subfield code="d">ca. ca. 1235-1310</subfield>
    </datafield>
    <datafield tag="400" ind1="1" ind2=" ">
      <subfield code="a">Ben Adret, Salomo</subfield>
      <subfield code="d">ca. ca. 1235-1310</subfield>
    </datafield>
    <datafield tag="400" ind1="1" ind2=" ">
      <subfield code="a">Ben Adret, S.</subfield>
      <subfield code="d">ca. ca. 1235-1310</subfield>
    </datafield>
    <datafield tag="400" ind1="1" ind2=" ">
      <subfield code="a">Adret, Shlomo Ben</subfield>
      <subfield code="d">ca. ca. 1235-1310</subfield>
    </datafield>
    <datafield tag="400" ind1="1" ind2=" ">
      <subfield code="a">Adret, Shelomo Ben</subfield>
      <subfield code="d">ca. ca. 1235-1310</subfield>
    </datafield>
    <datafield tag="400" ind1="1" ind2=" ">
      <subfield code="a">Adret, Schlomo Ben</subfield>
      <subfield code="d">ca. ca. 1235-1310</subfield>
    </datafield>
    <datafield tag="400" ind1="1" ind2=" ">
      <subfield code="a">Adret, Schelomo Ben</subfield>
      <subfield code="d">ca. ca. 1235-1310</subfield>
    </datafield>
    <datafield tag="400" ind1="1" ind2=" ">
      <subfield code="a">Adret, Salomo Ben</subfield>
      <subfield code="d">ca. ca. 1235-1310</subfield>
    </datafield>
    <datafield tag="400" ind1="1" ind2=" ">
      <subfield code="a">Adret, S. Ben</subfield>
      <subfield code="d">ca. ca. 1235-1310</subfield>
    </datafield>
    <datafield tag="400" ind1="1" ind2=" ">
      <subfield code="a">Ben Abraham Ben Adret, Shlomo</subfield>
      <subfield code="d">ca. ca. 1235-1310</subfield>
    </datafield>
    <datafield tag="400" ind1="1" ind2=" ">
      <subfield code="a">Ben Abraham Ben Adret, Schlomo</subfield>
      <subfield code="d">ca. ca. 1235-1310</subfield>
    </datafield>
    <datafield tag="400" ind1="1" ind2=" ">
      <subfield code="a">Ben Abraham Ben Adret, Shelomo</subfield>
      <subfield code="d">ca. ca. 1235-1310</subfield>
    </datafield>
    <datafield tag="400" ind1="1" ind2=" ">
      <subfield code="a">Ben Abraham Ben Adret, Schelomo</subfield>
      <subfield code="d">ca. ca. 1235-1310</subfield>
    </datafield>
    <datafield tag="400" ind1="1" ind2=" ">
      <subfield code="a">Ben Abraham Ben Adret, Salomo</subfield>
      <subfield code="d">ca. ca. 1235-1310</subfield>
    </datafield>
    <datafield tag="400" ind1="1" ind2=" ">
      <subfield code="a">Ben Abraham Ben Adret, S.</subfield>
      <subfield code="d">ca. ca. 1235-1310</subfield>
    </datafield>
    <datafield tag="400" ind1="1" ind2=" ">
      <subfield code="a">Abraham Ben Adret, Shlomo Ben</subfield>
      <subfield code="d">ca. ca. 1235-1310</subfield>
    </datafield>
    <datafield tag="400" ind1="1" ind2=" ">
      <subfield code="a">Abraham Ben Adret, Shelomo Ben</subfield>
      <subfield code="d">ca. ca. 1235-1310</subfield>
    </datafield>
    <datafield tag="400" ind1="1" ind2=" ">
      <subfield code="a">Abraham Ben Adret, Schlomo Ben</subfield>
      <subfield code="d">ca. ca. 1235-1310</subfield>
    </datafield>
    <datafield tag="400" ind1="1" ind2=" ">
      <subfield code="a">Abraham Ben Adret, Shlomo Ben</subfield>
      <subfield code="d">ca. ca. 1235-1310</subfield>
    </datafield>
    <datafield tag="400" ind1="1" ind2=" ">
      <subfield code="a">Abraham Ben Adret, Schelomo Ben</subfield>
      <subfield code="d">ca. ca. 1235-1310</subfield>
    </datafield>
    <datafield tag="400" ind1="1" ind2=" ">
      <subfield code="a">Abraham Ben Adret, Shelomo Ben</subfield>
      <subfield code="d">ca. ca. 1235-1310</subfield>
    </datafield>
    <datafield tag="400" ind1="1" ind2=" ">
      <subfield code="a">Abraham Ben Adret, Salomo Ben</subfield>
      <subfield code="d">ca. ca. 1235-1310</subfield>
    </datafield>
    <datafield tag="400" ind1="1" ind2=" ">
      <subfield code="a">Abraham Ben Adret, S. Ben</subfield>
      <subfield code="d">ca. ca. 1235-1310</subfield>
    </datafield>
    <datafield tag="400" ind1="1" ind2=" ">
      <subfield code="a">Ben Aderet, Shlomo</subfield>
      <subfield code="d">ca. ca. 1235-1310</subfield>
    </datafield>
    <datafield tag="400" ind1="1" ind2=" ">
      <subfield code="a">Ben Aderet, Shelomo</subfield>
      <subfield code="d">ca. ca. 1235-1310</subfield>
    </datafield>
    <datafield tag="400" ind1="1" ind2=" ">
      <subfield code="a">Ben Aderet, Schlomo</subfield>
      <subfield code="d">ca. ca. 1235-1310</subfield>
    </datafield>
    <datafield tag="400" ind1="1" ind2=" ">
      <subfield code="a">Ben Aderet, Schelomo</subfield>
      <subfield code="d">ca. ca. 1235-1310</subfield>
    </datafield>
    <datafield tag="400" ind1="1" ind2=" ">
      <subfield code="a">Ben Aderet, Salomo</subfield>
      <subfield code="d">ca. ca. 1235-1310</subfield>
    </datafield>
    <datafield tag="400" ind1="1" ind2=" ">
      <subfield code="a">Ben Aderet, S.</subfield>
      <subfield code="d">ca. ca. 1235-1310</subfield>
    </datafield>
    <datafield tag="400" ind1="1" ind2=" ">
      <subfield code="a">Ben Abraham Ben Aderet, Shlomo</subfield>
      <subfield code="d">ca. ca. 1235-1310</subfield>
    </datafield>
    <datafield tag="400" ind1="1" ind2=" ">
      <subfield code="a">Ben Abraham Ben Aderet, Schlomo</subfield>
      <subfield code="d">ca. ca. 1235-1310</subfield>
    </datafield>
    <datafield tag="400" ind1="1" ind2=" ">
      <subfield code="a">Ben Abraham Ben Aderet, Shelomo</subfield>
      <subfield code="d">ca. ca. 1235-1310</subfield>
    </datafield>
    <datafield tag="400" ind1="1" ind2=" ">
      <subfield code="a">Ben Abraham Ben Aderet, Schelomo</subfield>
      <subfield code="d">ca. ca. 1235-1310</subfield>
    </datafield>
    <datafield tag="400" ind1="1" ind2=" ">
      <subfield code="a">Ben Abraham Ben Aderet, Salomo</subfield>
      <subfield code="d">ca. ca. 1235-1310</subfield>
    </datafield>
    <datafield tag="400" ind1="1" ind2=" ">
      <subfield code="a">Ben Abraham Ben Aderet, S.</subfield>
      <subfield code="d">ca. ca. 1235-1310</subfield>
    </datafield>
    <datafield tag="400" ind1="1" ind2=" ">
      <subfield code="a">Abraham Ben Aderet, Shlomo Ben</subfield>
      <subfield code="d">ca. ca. 1235-1310</subfield>
    </datafield>
    <datafield tag="400" ind1="1" ind2=" ">
      <subfield code="a">Abraham Ben Aderet, Schlomo Ben</subfield>
      <subfield code="d">ca. ca. 1235-1310</subfield>
    </datafield>
    <datafield tag="400" ind1="1" ind2=" ">
      <subfield code="a">Abraham Ben Aderet, Shelomo Ben</subfield>
      <subfield code="d">ca. ca. 1235-1310</subfield>
    </datafield>
    <datafield tag="400" ind1="1" ind2=" ">
      <subfield code="a">Abraham Ben Aderet, Schelomo Ben</subfield>
      <subfield code="d">ca. ca. 1235-1310</subfield>
    </datafield>
    <datafield tag="400" ind1="1" ind2=" ">
      <subfield code="a">Abraham Ben Aderet, Salomo Ben</subfield>
      <subfield code="d">ca. ca. 1235-1310</subfield>
    </datafield>
    <datafield tag="400" ind1="1" ind2=" ">
      <subfield code="a">Abraham Ben Aderet, S. Ben</subfield>
      <subfield code="d">ca. ca. 1235-1310</subfield>
    </datafield>
    <datafield tag="400" ind1="1" ind2=" ">
      <subfield code="a">Aderet, Shlomo Ben</subfield>
      <subfield code="d">ca. ca. 1235-1310</subfield>
    </datafield>
    <datafield tag="400" ind1="1" ind2=" ">
      <subfield code="a">Aderet, Shelomo Ben</subfield>
      <subfield code="d">ca. ca. 1235-1310</subfield>
    </datafield>
    <datafield tag="400" ind1="1" ind2=" ">
      <subfield code="a">Aderet, Schlomo Ben</subfield>
      <subfield code="d">ca. ca. 1235-1310</subfield>
    </datafield>
    <datafield tag="400" ind1="1" ind2=" ">
      <subfield code="a">Aderet, Schelomo Ben</subfield>
      <subfield code="d">ca. ca. 1235-1310</subfield>
    </datafield>
    <datafield tag="400" ind1="1" ind2=" ">
      <subfield code="a">Aderet, Salomo Ben</subfield>
      <subfield code="d">ca. ca. 1235-1310</subfield>
    </datafield>
    <datafield tag="400" ind1="1" ind2=" ">
      <subfield code="a">Aderet, S. Ben</subfield>
      <subfield code="d">ca. ca. 1235-1310</subfield>
    </datafield>
    <datafield tag="400" ind1="0" ind2=" ">
      <subfield code="a">Raschba</subfield>
      <subfield code="d">ca. ca. 1235-1310</subfield>
    </datafield>
    <datafield tag="400" ind1="1" ind2=" ">
      <subfield code="a">Ben Adret, Shlomo</subfield>
      <subfield code="d">ca. ca. 1235-1310</subfield>
    </datafield>
    <datafield tag="400" ind1="0" ind2=" ">
      <subfield code="9">U:Hebr</subfield>
      <subfield code="a">שלמה בן אדרת</subfield>
      <subfield code="d">ca. ca. 1235-1310</subfield>
    </datafield>
    <datafield tag="400" ind1="0" ind2=" ">
      <subfield code="9">U:Hebr</subfield>
      <subfield code="a">שלומו אדרת</subfield>
      <subfield code="d">ca. ca. 1235-1310</subfield>
    </datafield>
    <datafield tag="400" ind1="0" ind2=" ">
      <subfield code="9">U:Hebr</subfield>
      <subfield code="a">הרשב״א</subfield>
      <subfield code="d">ca. ca. 1235-1310</subfield>
    </datafield>
    <datafield tag="400" ind1="0" ind2=" ">
      <subfield code="9">U:Hebr</subfield>
      <subfield code="a">רשב״א</subfield>
      <subfield code="d">ca. ca. 1235-1310</subfield>
    </datafield>
    <datafield tag="400" ind1="1" ind2=" ">
      <subfield code="9">U:Hebr</subfield>
      <subfield code="a">אדרת, שלומו</subfield>
      <subfield code="d">ca. ca. 1235-1310</subfield>
    </datafield>
    <datafield tag="400" ind1="1" ind2=" ">
      <subfield code="9">U:Hebr</subfield>
      <subfield code="a">אדרת, שלמה בן</subfield>
      <subfield code="d">ca. ca. 1235-1310</subfield>
    </datafield>
    <datafield tag="400" ind1="1" ind2=" ">
      <subfield code="9">U:Hebr</subfield>
      <subfield code="a">אדרת, שלמה ב״ר אברהם</subfield>
      <subfield code="d">ca. ca. 1235-1310</subfield>
    </datafield>
    <datafield tag="400" ind1="1" ind2=" ">
      <subfield code="9">U:Hebr</subfield>
      <subfield code="a">אדרת, שלמה בן אברהם</subfield>
      <subfield code="d">ca. ca. 1235-1310</subfield>
    </datafield>
    <datafield tag="400" ind1="1" ind2=" ">
      <subfield code="9">U:Hebr</subfield>
      <subfield code="a">בן אדרת, שלמה</subfield>
      <subfield code="d">ca. ca. 1235-1310</subfield>
    </datafield>
    <datafield tag="400" ind1="0" ind2=" ">
      <subfield code="9">U:Hebr</subfield>
      <subfield code="a">שלמה בן אברהם אדרת</subfield>
      <subfield code="d">ca. ca. 1235-1310</subfield>
    </datafield>
    <datafield tag="548" ind1=" " ind2=" ">
      <subfield code="a">ca. ca. 1235-1310</subfield>
      <subfield code="4">datl</subfield>
      <subfield code="4">https://d-nb.info/standards/elementset/gnd#associatedDate</subfield>
      <subfield code="w">r</subfield>
      <subfield code="i">Lebensdaten</subfield>
    </datafield>
    <datafield tag="548" ind1=" " ind2=" ">
      <subfield code="a">1235-1310</subfield>
      <subfield code="4">datl</subfield>
      <subfield code="4">https://d-nb.info/standards/elementset/gnd#dateOfBirthAndDeath</subfield>
      <subfield code="w">r</subfield>
      <subfield code="i">Lebensdaten</subfield>
    </datafield>
    <datafield tag="550" ind1=" " ind2=" ">
      <subfield code="0">(DE-101)041767519</subfield>
      <subfield code="0">(DE-588)4176751-2</subfield>
      <subfield code="0">https://d-nb.info/gnd/4176751-2</subfield>
      <subfield code="a">Rabbiner</subfield>
      <subfield code="4">berc</subfield>
      <subfield code="4">https://d-nb.info/standards/elementset/gnd#professionOrOccupation</subfield>
      <subfield code="w">r</subfield>
      <subfield code="i">Charakteristischer Beruf</subfield>
    </datafield>
    <datafield tag="551" ind1=" " ind2=" ">
      <subfield code="a">Barcelona</subfield>
      <subfield code="4">ortg</subfield>
      <subfield code="4">https://d-nb.info/standards/elementset/gnd#placeOfBirth</subfield>
      <subfield code="w">r</subfield>
      <subfield code="i">Geburtsort</subfield>
    </datafield>
    <datafield tag="551" ind1=" " ind2=" ">
      <subfield code="a">Barcelona</subfield>
      <subfield code="4">orts</subfield>
      <subfield code="4">https://d-nb.info/standards/elementset/gnd#placeOfDeath</subfield>
      <subfield code="w">r</subfield>
      <subfield code="i">Sterbeort</subfield>
    </datafield>
    <datafield tag="667" ind1=" " ind2=" ">
      <subfield code="a">VD-17</subfield>
    </datafield>
    <datafield tag="667" ind1=" " ind2=" ">
      <subfield code="a">Red. SSG</subfield>
    </datafield>
    <datafield tag="667" ind1=" " ind2=" ">
      <subfield code="a">Der Rashba lebte ca. 1235-1310. - Achtung: auch Samson ben Avraham mi-Šenṣ wird Rašba genannt!</subfield>
    </datafield>
    <datafield tag="670" ind1=" " ind2=" ">
      <subfield code="a">LoC-NA nach RAK; LMA,VII,1316</subfield>
    </datafield>
    <datafield tag="670" ind1=" " ind2=" ">
      <subfield code="a">LCAuth, Translit. n. KIDS</subfield>
    </datafield>
    <datafield tag="678" ind1=" " ind2=" ">
      <subfield code="b">Responsae; Torat ha-Bajit; ʿAbodat ha-Kodesch; Span.-jüd. Rechtsgelehrter</subfield>
    </datafield>
    <datafield tag="678" ind1=" " ind2=" ">
      <subfield code="b">Rabbiner, Dezisor</subfield>
    </datafield>
    <datafield tag="678" ind1=" " ind2=" ">
      <subfield code="b">Bedeutender Gelehrter und Talmudist, Schüler von  Jona Ben Abraham Gerondi und Moshe Ben Nachman (Nachmanides); Rabbiner der Hauptsynagoge von Barcelona</subfield>
    </datafield>
    <datafield tag="700" ind1="1" ind2="4">
      <subfield code="9">U:Hebr</subfield>
      <subfield code="a">אדרת, שלמה בן אברהם אבן</subfield>
      <subfield code="c">רשב"א</subfield>
      <subfield code="d">ca. ca. 1235-1310</subfield>
      <subfield code="5">DE-576</subfield>
      <subfield code="9">v:Original</subfield>
    </datafield>
    <datafield tag="913" ind1=" " ind2=" ">
      <subfield code="S">pnd</subfield>
      <subfield code="i">a</subfield>
      <subfield code="a">Adret, Shelomoh ben Avraham</subfield>
      <subfield code="0">(DE-588a)104076666</subfield>
    </datafield>
  </record>
